<?xml version="1.0" encoding="UTF-8"?>
<SOAP-ENV:Envelope xmlns:SOAP-ENV="http://schemas.xmlsoap.org/soap/envelope/" xmlns:ns1="http://oss.dbc.dk/ns/openformat" xmlns:os="http://oss.dbc.dk/ns/ope
nsearch" xmlns:dc="http://purl.org/dc/elements/1.1/" xmlns:dkabm="http://biblstandard.dk/abm/namespace/dkabm/" xmlns:ISO639-2="http://lcweb.loc.gov/standard
s/iso639-2/" xmlns:dcmitype="http://purl.org/dc/dcmitype/" xmlns:dcterms="http://purl.org/dc/terms/" xmlns:ac="http://biblstandard.dk/ac/namespace/" xmlns:d
kdcplus="http://biblstandard.dk/abm/namespace/dkdcplus/" xmlns:oss="http://oss.dbc.dk/ns/osstypes" xmlns:marcx="info:lc/xmlns/marcxchange-v1" xmlns:xsi="htt
p://www.w3.org/2001/XMLSchema-instance" xmlns:foxml="info:fedora/fedora-system:def/foxml#" xsi:schemaLocation="info:fedora/fedora-system:def/foxml# http://w
ww.fedora.info/definitions/1/0/foxml1-1.xsd">
  <SOAP-ENV:Body>
    <ns1:formatRequest>
      <ns1:originalData>
<oclcRecords><oclcRecord><foxml:digitalObject VERSION="1.1" PID="870970-basis:01550101"
xmlns:foxml="info:fedora/fedora-system:def/foxml#"
xmlns:xsi="http://www.w3.org/2001/XMLSchema-instance"
xsi:schemaLocation="info:fedora/fedora-system:def/foxml# http://www.fedora.info/definitions/1/0/foxml1-1.xsd">
<foxml:objectProperties>
<foxml:property NAME="info:fedora/fedora-system:def/model#state" VALUE="Active"/>
<foxml:property NAME="info:fedora/fedora-system:def/model#label" VALUE=""/>
<foxml:property NAME="info:fedora/fedora-system:def/model#ownerId" VALUE=""/>
<foxml:property NAME="info:fedora/fedora-system:def/model#createdDate" VALUE="2013-05-16T12:07:13.809Z"/>
<foxml:property NAME="info:fedora/fedora-system:def/view#lastModifiedDate" VALUE="2013-05-16T12:09:15.596Z"/>
</foxml:objectProperties>
<foxml:datastream ID="AUDIT" STATE="A" CONTROL_GROUP="X" VERSIONABLE="false">
<foxml:datastreamVersion ID="AUDIT.0" LABEL="Audit Trail for this object" CREATED="2013-05-16T12:07:13.809Z" MIMETYPE="text/xml" FORMAT_URI="info:fedora/fedora-system:format/xml.fedora.audit">
<foxml:xmlContent>
<audit:auditTrail xmlns:audit="info:fedora/fedora-system:def/audit#">
<audit:record ID="AUDREC1">
<audit:process type="Fedora API-M"/>
<audit:action>modifyDatastreamByValue</audit:action>
<audit:componentID>RELS-SYS</audit:componentID>
<audit:responsibility>fedoraAdmin</audit:responsibility>
<audit:date>2013-05-16T12:07:13.884Z</audit:date>
<audit:justification></audit:justification>
</audit:record>
<audit:record ID="AUDREC2">
<audit:process type="Fedora API-M"/>
<audit:action>modifyDatastreamByValue</audit:action>
<audit:componentID>DC</audit:componentID>
<audit:responsibility>fedoraAdmin</audit:responsibility>
<audit:date>2013-05-16T12:09:15.596Z</audit:date>
<audit:justification></audit:justification>
</audit:record>
</audit:auditTrail>
</foxml:xmlContent>
</foxml:datastreamVersion>
</foxml:datastream>
<foxml:datastream ID="commonData" STATE="A" CONTROL_GROUP="X" VERSIONABLE="false">
<foxml:datastreamVersion ID="commonData.0" LABEL="" CREATED="2013-05-16T12:07:13.817Z" MIMETYPE="text/xml" SIZE="6695">
<foxml:xmlContent>
<ting:container xmlns:ac="http://biblstandard.dk/ac/namespace/" xmlns:dc="http://purl.org/dc/elements/1.1/" xmlns:dcterms="http://purl.org/dc/terms/" xmlns:dkabm="http://biblstandard.dk/abm/namespace/dkabm/" xmlns:dkdcplus="http://biblstandard.dk/abm/namespace/dkdcplus/" xmlns:docbook="http://docbook.org/ns/docbook" xmlns:oss="http://oss.dbc.dk/ns/osstypes" xmlns:ting="http://www.dbc.dk/ting" xmlns:xsi="http://www.w3.org/2001/XMLSchema-instance"><dkabm:record><ac:identifier>01550101|870970</ac:identifier><ac:source>Bibliotekskatalog</ac:source><dc:title>Forbandede ungdom</dc:title><dc:title xsi:type="dkdcplus:full">Forbandede ungdom</dc:title><dc:title xsi:type="dkdcplus:series">Gyldendals tranebøger</dc:title><dc:creator xsi:type="dkdcplus:aut">J. D. Salinger</dc:creator><dc:creator xsi:type="oss:sort">Salinger, J. D.</dc:creator><dc:subject xsi:type="dkdcplus:DK5-Text">Skønlitteratur</dc:subject><dc:subject xsi:type="dkdcplus:DK5">sk</dc:subject><dcterms:abstract>En 17-årig amerikansk ung mands konflikt med sig selv og de voksnes verden</dcterms:abstract><dcterms:audience xsi:type="dkdcplus:age">Fra 14 år</dcterms:audience><dcterms:audience>børnematerialer</dcterms:audience><dkdcplus:version>2. udgave, 12. tranebogsoplag</dkdcplus:version><dc:publisher>Gyldendal</dc:publisher><dc:date>1960</dc:date><dc:type xsi:type="dkdcplus:BibDK-Type">Bog</dc:type><dcterms:extent>222 sider</dcterms:extent><dc:identifier xsi:type="dkdcplus:ISBN">87-00-38712-6</dc:identifier><dc:source>The catcher in the rye</dc:source><dc:language xsi:type="dcterms:ISO639-2">dan</dc:language><dc:language>Dansk</dc:language></dkabm:record><marcx:collection xmlns:marcx="info:lc/xmlns/marcxchange-v1"><marcx:record format="danMARC2" type="Bibliographic"><marcx:leader>00000n    2200000   4500</marcx:leader><marcx:datafield ind1="0" ind2="0" tag="001"><marcx:subfield code="a">01550101</marcx:subfield><marcx:subfield code="b">870970</marcx:subfield><marcx:subfield code="c">20040901001845</marcx:subfield><marcx:subfield code="d">19770418</marcx:subfield><marcx:subfield code="f">a</marcx:subfield></marcx:datafield><marcx:datafield ind1="0" ind2="0" tag="004"><marcx:subfield code="r">n</marcx:subfield><marcx:subfield code="a">e</marcx:subfield></marcx:datafield><marcx:datafield ind1="0" ind2="0" tag="008"><marcx:subfield code="t">m</marcx:subfield><marcx:subfield code="u">r</marcx:subfield><marcx:subfield code="a">1960</marcx:subfield><marcx:subfield code="v">0</marcx:subfield><marcx:subfield code="z">1985</marcx:subfield><marcx:subfield code="b">dk</marcx:subfield><marcx:subfield code="j">f</marcx:subfield><marcx:subfield code="l">dan</marcx:subfield></marcx:datafield><marcx:datafield ind1="0" ind2="0" tag="009"><marcx:subfield code="a">a</marcx:subfield><marcx:subfield code="g">xx</marcx:subfield></marcx:datafield><marcx:datafield ind1="0" ind2="0" tag="021"><marcx:subfield code="a">87-00-38712-6</marcx:subfield><marcx:subfield code="c">hf.</marcx:subfield><marcx:subfield code="d">kr. 32.00</marcx:subfield></marcx:datafield><marcx:datafield ind1="0" ind2="0" tag="032"><marcx:subfield code="a">DBF198533</marcx:subfield><marcx:subfield code="x">SFD198533</marcx:subfield><marcx:subfield code="x">BØK196701</marcx:subfield><marcx:subfield code="x">SKO198501</marcx:subfield><marcx:subfield code="x">DAT200436</marcx:subfield></marcx:datafield><marcx:datafield ind1="0" ind2="0" tag="041"><marcx:subfield code="a">dan</marcx:subfield><marcx:subfield code="c">eng</marcx:subfield></marcx:datafield><marcx:datafield ind1="0" ind2="0" tag="100"><marcx:subfield code="a">Salinger</marcx:subfield><marcx:subfield code="h">J. D.</marcx:subfield></marcx:datafield><marcx:datafield ind1="0" ind2="0" tag="241"><marcx:subfield code="a">The ¤catcher in the rye</marcx:subfield></marcx:datafield><marcx:datafield ind1="0" ind2="0" tag="245"><marcx:subfield code="a">Forbandede ungdom</marcx:subfield><marcx:subfield code="e">[af] J.D. Salinger</marcx:subfield><marcx:subfield code="f">på dansk ved Vibeke Cerri</marcx:subfield></marcx:datafield><marcx:datafield ind1="0" ind2="0" tag="250"><marcx:subfield code="a">2. udgave</marcx:subfield><marcx:subfield code="x">12. tranebogsoplag</marcx:subfield><marcx:subfield code="b">2. udgave (Tranebog)</marcx:subfield></marcx:datafield><marcx:datafield ind1="0" ind2="0" tag="260"><marcx:subfield code="&amp;">1</marcx:subfield><marcx:subfield code="a">[Kbh.]</marcx:subfield><marcx:subfield code="b">[Gyldendal]</marcx:subfield><marcx:subfield code="c">1985</marcx:subfield><marcx:subfield code="k">Nørhaven, Viborg</marcx:subfield></marcx:datafield><marcx:datafield ind1="0" ind2="0" tag="300"><marcx:subfield code="a">222 sider</marcx:subfield><marcx:subfield code="c">19 cm</marcx:subfield></marcx:datafield><marcx:datafield ind1="0" ind2="0" tag="440"><marcx:subfield code="&amp;">i</marcx:subfield><marcx:subfield code="a">Gyldendals tranebøger</marcx:subfield></marcx:datafield><marcx:datafield ind1="0" ind2="0" tag="504"><marcx:subfield code="&amp;">1</marcx:subfield><marcx:subfield code="a">En 17-årig amerikansk ung mands konflikt med sig selv og de voksnes verden</marcx:subfield></marcx:datafield><marcx:datafield ind1="0" ind2="0" tag="517"><marcx:subfield code="&amp;">1</marcx:subfield><marcx:subfield code="a">Fra 14 år</marcx:subfield></marcx:datafield><marcx:datafield ind1="0" ind2="0" tag="520"><marcx:subfield code="a">Tidligere: 2. udgave. 1960</marcx:subfield></marcx:datafield><marcx:datafield ind1="0" ind2="0" tag="520"><marcx:subfield code="&amp;">b</marcx:subfield><marcx:subfield code="i">Også med titel</marcx:subfield><marcx:subfield code="t">Griberen i rugen</marcx:subfield></marcx:datafield><marcx:datafield ind1="0" ind2="0" tag="520"><marcx:subfield code="&amp;">1</marcx:subfield><marcx:subfield code="a">Originaludgave 1951</marcx:subfield></marcx:datafield><marcx:datafield ind1="0" ind2="0" tag="652"><marcx:subfield code="n">83.8</marcx:subfield><marcx:subfield code="z">26</marcx:subfield></marcx:datafield><marcx:datafield ind1="0" ind2="0" tag="652"><marcx:subfield code="o">sk</marcx:subfield></marcx:datafield><marcx:datafield ind1="0" ind2="0" tag="668"><marcx:subfield code="a">Børn og unge</marcx:subfield><marcx:subfield code="b">USA</marcx:subfield></marcx:datafield><marcx:datafield ind1="0" ind2="0" tag="996"><marcx:subfield code="a">DBC</marcx:subfield></marcx:datafield></marcx:record></marcx:collection><adminData><creationDate>2005-03-01</creationDate><libraryType>none</libraryType><indexingAlias>danmarcxchange</indexingAlias><accessType>physical</accessType><genre>fiktion</genre><collectionIdentifier>870970-basis</collectionIdentifier></adminData></ting:container>
</foxml:xmlContent>
</foxml:datastreamVersion>
</foxml:datastream>
<foxml:datastream ID="localData.870970-basis" STATE="A" CONTROL_GROUP="X" VERSIONABLE="false">
<foxml:datastreamVersion ID="localData.870970-basis.0" LABEL="" CREATED="2013-05-16T12:07:13.817Z" MIMETYPE="text/xml" SIZE="538">
<foxml:xmlContent>
<ting:localData xmlns:ting="http://www.dbc.dk/ting"><marcx:record xmlns:marcx="info:lc/xmlns/marcxchange-v1" format="danMARC2" type="BibliographicLocal"><marcx:datafield ind1="0" ind2="0" tag="d08"><marcx:subfield code="a">jyh/anh/mbh (sidst 77.23)</marcx:subfield></marcx:datafield><marcx:datafield ind1="0" ind2="0" tag="n55"><marcx:subfield code="a">20050301</marcx:subfield></marcx:datafield><marcx:datafield ind1="0" ind2="0" tag="z99"><marcx:subfield code="a">psc</marcx:subfield></marcx:datafield></marcx:record></ting:localData>
</foxml:xmlContent>
</foxml:datastreamVersion>
</foxml:datastream>
<foxml:datastream ID="RELS-SYS" STATE="A" CONTROL_GROUP="X" VERSIONABLE="false">
<foxml:datastreamVersion ID="RELS-SYS.1" LABEL="" CREATED="2013-05-16T12:07:13.884Z" MIMETYPE="application/rdf+xml" SIZE="317">
<foxml:xmlContent>
<rdf:RDF xmlns:rdf="http://www.w3.org/1999/02/22-rdf-syntax-ns#">
  <rdf:Description rdf:about="info:fedora/870970-basis:01550101">
    <isMemberOfUnit xmlns="info:fedora/">unit:45219</isMemberOfUnit>
    <isPrimaryBibObjectFor xmlns="info:fedora/">unit:45219</isPrimaryBibObjectFor>
  </rdf:Description>
</rdf:RDF>
</foxml:xmlContent>
</foxml:datastreamVersion>
</foxml:datastream>
<foxml:datastream ID="DC" STATE="A" CONTROL_GROUP="X" VERSIONABLE="false">
<foxml:datastreamVersion ID="DC.1" LABEL="" CREATED="2013-05-16T12:09:15.596Z" MIMETYPE="text/xml" SIZE="880">
<foxml:xmlContent>
<oai_dc:dc xmlns:dc="http://purl.org/dc/elements/1.1/" xmlns:oai_dc="http://www.openarchives.org/OAI/2.0/oai_dc/" xmlns:xsi="http://www.w3.org/2001/XMLSchema-instance" xsi:schemaLocation="http://www.openarchives.org/OAI/2.0/oai_dc/ http://www.openarchives.org/OAI/2.0/oai_dc.xsd">
  <dc:title>forbandede ungdom</dc:title>
  <dc:title>MATCH:forban</dc:title>
  <dc:creator>J. D. Salinger</dc:creator>
  <dc:creator>NOBIRTH:J. D. Salinger</dc:creator>
  <dc:creator>MATCHSTRING:Salingerj</dc:creator>
  <dc:publisher>gyldendal</dc:publisher>
  <dc:publisher>MATCHSTRING:gyldend</dc:publisher>
  <dc:date>1960</dc:date>
  <dc:type>Bog</dc:type>
  <dc:type>WORK:literature</dc:type>
  <dc:identifier>870970-basis:01550101</dc:identifier>
  <dc:identifier>ISBN:8700387126</dc:identifier>
  <dc:source>the catcher in the rye</dc:source>
  <dc:language>Dansk</dc:language>
</oai_dc:dc>
</foxml:xmlContent>
</foxml:datastreamVersion>
</foxml:datastream>
</foxml:digitalObject><ocn></ocn><holdingsServiceResponse><response>
<timestamp>2013-05-30 10:31:26.891</timestamp>
<pid>870970-basis:01550101</pid>
<result>
</result>
</response></holdingsServiceResponse></oclcRecord></oclcRecords>

</ns1:originalData>
<ns1:outputFormat>PLACEHOLDER</ns1:outputFormat>
   </ns1:formatRequest>
 </SOAP-ENV:Body>
</SOAP-ENV:Envelope>
